@article{luyten2020mentalizing,
  title={The mentalizing approach to psychopathology: State of the art and future directions},
  author={Luyten, Patrick and Campbell, Chloe and Allison, Elizabeth and Fonagy, Peter},
  journal={Annual review of clinical psychology},
  volume={16},
  pages={297--325},
  year={2020},
  publisher={Annual Reviews}
}
@article{feldmanhall2021computational,
  title={The computational challenge of social learning},
  author={FeldmanHall, Oriel and Nassar, Matthew R},
  journal={Trends in Cognitive Sciences},
  volume={25},
  number={12},
  pages={1045--1057},
  year={2021},
  publisher={Elsevier}
}
@book{johnson2009simply,
  title={Simply complexity: A clear guide to complexity theory},
  author={Johnson, Neil},
  year={2009},
  publisher={Simon and Schuster}
}
@article{barnby2023formalising,
  title={Formalising social representation to explain psychiatric symptoms},
  author={Barnby, Joseph M and Dayan, Peter and Bell, Vaughan},
  journal={Trends in Cognitive Sciences},
  year={2023},
  publisher={Elsevier},
  volume= {27},
  pages = {317--332}
}

@article{barnby2023beyond,
  title={Beyond Theory of Mind: A formal framework for social inference and representation},
  author={Barnby, Joseph M and Bellucci, Gabriele and Alon, Nitay and Schilbach, Leonhard and Bell, Vaughan and Frith, Chris and Dayan, Peter},
  year={2023},
  journal={PsyArXiv},
  doi = {10.31234/osf.io/cmgu7}
}

@article{baker2017rational,
  title={Rational quantitative attribution of beliefs, desires and percepts in human mentalizing},
  author={Baker, Chris L and Jara-Ettinger, Julian and Saxe, Rebecca and Tenenbaum, Joshua B},
  journal={Nature Human Behaviour},
  volume={1},
  number={4},
  pages={0064},
  year={2017},
  publisher={Nature Publishing Group UK London}
}

@article{jara2019theory,
  title={Theory of mind as inverse reinforcement learning},
  author={Jara-Ettinger, Julian},
  journal={Current Opinion in Behavioral Sciences},
  volume={29},
  pages={105--110},
  year={2019},
  publisher={Elsevier}
}

@article{guennouni2022transfer,
  title={Transfer of Learned Opponent Models in Zero Sum Games},
  author={Guennouni, Ismail and Speekenbrink, Maarten},
  journal={Computational Brain \& Behavior},
  volume={5},
  number={3},
  pages={326--342},
  year={2022},
  publisher={Springer}
}

@article{koster2013theory,
  title={Theory of mind: a neural prediction problem},
  author={Koster-Hale, Jorie and Saxe, Rebecca},
  journal={Neuron},
  volume={79},
  number={5},
  pages={836--848},
  year={2013},
  publisher={Elsevier}
}

